@string{aa      ={Anesth. Analg.}}

@string{aaar    ={Arct. Antarct. Alp. Res.}}

@string{ab      ={Anal. Biochem.}}

@string{abc     ={Anal. Bioanal. Chem.}}

@string{ac      ={Anal. Chem.}}

@string{aca     ={Anal. Chim. Acta}}

@string{acbe    ={Appl. Catal. B: Environ.}}

@string{acp     ={Atmos. Chem. Phys.}}

@string{acpd    ={Atmos. Chem. Phys. Discuss.}}

@string{acr     ={Acc. Chem. Res.}}

@string{acs     ={Acta Chem. Scand.}}

@string{acscat  ={ACS Catal.}} % ACS Catalysis

@string{acseau  ={ACS Environ. Au}}

@string{acsesc  ={ACS Earth Space Chem.}}

@string{adndt   ={Atom. Data Nucl. Data Tables}}

@string{ae      ={Atmos. Environ.}} % include letter A-B with Vol 24..27

@string{aect    ={Arch. Environ. Contam. Toxicol.}}

@string{aeh     ={Arch. Environ. Health}}

@string{aest    ={Adv. Environ. Sci. Technol.}} % Vol 24 = Gaseous Pollutants

@string{ag      ={Ann. Geophys.}}

@string{ags     ={Acta Geosci. Sinica}}

@string{ags2    ={Ann. Geophys. Suppl. II}}

@string{aichej  ={AIChE J.}}

@string{ajc     ={Aust. J. Chem.}}

@string{ajp     ={Am. J. Physiol.}}

@string{ajs     ={Am. J. Sci.}}

@string{ambio   ={Ambio}}

@string{amgba   ={Arch. Meteorol., Geophys. Bioklimatol., Ser. A}} % Archiv fuer Meteorologie, Geophysik und Bioklimatologie, Serie A: Meteorologie und Geophysik

@string{amstat  ={Am. Stat.}}

@string{amt     ={Atmos. Meas. Tech.}}

@string{amtd    ={Atmos. Meas. Tech. Discuss.}}

@string{anest   ={Anesthesiology}}

@string{angew   ={Angew. Chem.}}

@string{angewie ={Angew. Chem. Int. Edition}}

@string{anm     ={Appl. Numer. Math.}} % Applied Numerical Mathematics

@string{anncr   ={Ann. Chim. Rome}} % Annali di Chimica (Rome)

@string{ants    ={Antarct. Sci.}}

@string{anyas   ={Ann. N. Y. Acad. Sci.}}

@string{ao      ={Atmos. Ocean}}

@string{aopt    ={Appl. Opt.}}

@string{ap      ={Ann. Phys.}} % includes Wied. Ann.

@string{apcs    ={Acta Phys. Chim. Sin.}} % http://www.whxb.pku.edu.cn

@string{apoc    ={Adv. Phys. Org. Chem.}}

@string{appg    ={Appl. Geochem.}}

@string{ar      ={Atmos. Res.}}

@string{areps   ={Annu. Rev. Earth Planet. Sci.}}

@string{as      ={Anal. Sci.}}

@string{asjc    ={Asian J. Chem.}} % http://www.asianjournalofchemistry.co.in

@string{asr     ={Adv. Space Res.}}

@string{ass     ={Appl. Surf. Sci.}}

@string{ast     ={Aerosol Sci. Technol.}}

@string{atmos   ={Atmos.}} % http://www.mdpi.com/journal/atmosphere

@string{baa     ={Baseline Atmospheric (Australia)}}

@string{bams    ={Bull. Am. Met. Soc.}}

@string{bbabio  ={Biochim. Biophys. Acta - Biomembranes}}

@string{bbpc    ={Ber. Bunsenges. Phys. Chem.}}

@string{bc      ={Biol. Chem.}} % https://www.degruyter.com/journal/key/bchm/html

@string{bcsj    ={Bull. Chem. Soc. Jpn.}}

@string{bd      ={Biodegrad.}}

@string{bdcg    ={Ber. Dtsch. Chem. Ges.}} % http://onlinelibrary.wiley.com/doi/10.1002/cber.v24:2/issuetoc

@string{bect    ={Bull. Environ. Contam. Toxicol.}}

@string{bg      ={Biogeosci.}}

@string{bja     ={Br. J. Anaesth.}}

@string{bjim    ={Br. J. Ind. Med.}} % British Journal of Industrial Medicine

@string{bpa     ={Beitr. Phys. Atmos.}}

@string{bscm    ={Bull. Soc. Chim. Memoirs}} % Bulletin de la Société Chimique de France, Memoires, https://archive.org/details/bullS5v6/

@string{ca      ={Chem. Abstr.}}

@string{caf     ={Combust. Flame}} % Combustion and Flame

@string{cc      ={Comput. Chem.}}

@string{cccc    ={Collect. Czech. Chem. Commun.}}

@string{cce     ={Comput. Chem. Eng.}}

@string{ccr     ={Croatica Chem. Acta}}

@string{ce      ={Chem. Eng.}} % include month http://www.chemengonline.com/

@string{cec     ={Chem. Eng. Comm.}}

@string{cej     ={Chem. Eng. J.}}

@string{cep     ={Chem. Eng. Prog.}} % https://www.aiche.org/resources/publications/cep

@string{cerd    ={Chem. Eng. Res. Des.}}

@string{ces     ={Chem. Eng. Sci.}}

@string{cg      ={Comput. Geosci.}}

@string{cgcs    ={Chemosphere; Global Change Sci.}}

@string{chemo   ={Chemosphere}}

@string{chiuz   ={Chemie in unserer Zeit}}

@string{chrom   ={Chromatographia}}

@string{ci      ={Chem. Int.}} % https://www.degruyter.com/view/j/ci

@string{cimb    ={CIM Bull.}}

@string{cit     ={Chem.-Ing.-Tech.}} % Chemie Ingenieur Technik

@string{cjc     ={Can. J. Chem.}}

@string{cjce    ={Can. J. Chem. Eng.}}

@string{cjol    ={Chin. J. Oceanol. Limnol.}}

@string{cjp     ={Chin. J. Phys.}}

@string{cjr     ={Can. J. Res.}}

@string{cl      ={Chem. Lett.}}

@string{clch    ={Clim. Change}}

@string{cld     ={Clim. Dyn.}}

@string{cm      ={Chem. Mon.}} % Chemical Monthly = Monatshefte für Chemie

@string{cma     ={Comput. Math. Appl.}}

@string{cp      ={Chem. Phys.}}

@string{cpc     ={Chem. Phys. Chem.}}

@string{cpcom   ={Comput. Phys. Commun.}}

@string{cpl     ={Chem. Phys. Lett.}}

@string{cr      ={Chem. Rev.}}

@string{crest   ={Crit. Rev. Environ. Sci. Technol.}}

@string{crhsas  ={C. R. Hebd. S\'eances Acad. Sci.}} % Comptes Rendus Hebdomadaires des Séances de l'Académie des Sciences http://gallica.bnf.fr/ark:/12148/cb343481087/date

@string{crst    ={Cold Reg. Sci. Technol.}}

@string{csf     ={Chem. Senses Flavour}}

@string{csr     ={Chem. Soc. Rev.}}

@string{cst     ={Combust. Sci. Technol.}}

@string{ct      ={Chem. Technol.}}

@string{cz      ={Chem. Ztg.}}

@string{desal   ={Desalination}}

@string{dfs     ={Discuss. Faraday Soc.}}

@string{dsr     ={Deep-Sea Res.}} % vol 24 - 25

@string{dsr1    ={Deep-Sea Res. I}} % vol 40 - ...

@string{dsra    ={Deep-Sea Res. A}} % vol 26 - 39

@string{dsroa   ={Deep-Sea Res. Oceanogr. Abstr.}} % vol  9 - 23

@string{ec      ={Environ. Chem.}}

@string{ees     ={Ecotoxicol. Environ. Saf.}}

@string{ei      ={Environ. Int.}}

@string{ema     ={Environ. Monit. Assess.}}

@string{end     ={Endeavour}}

@string{engfu   ={Energy Fuels}}

@string{eos     ={Eos, Trans. AGU}}

@string{eosas   ={Eos, Trans. AGU (Abstract Supplement)}}

@string{ep      ={Environ. Pollut.}}

@string{er      ={Environ. Res.}}

@string{erl     ={Environ. Res. Lett.}}

@string{esa     ={Environ. Sci. Atmos.}}

@string{esc     ={Earth Space Chem.}}

@string{espi    ={Environ. Sci. Processes Impacts}}

@string{espr    ={Environ. Sci. Pollut. Res.}}

@string{essd    ={Earth Syst. Sci. Data}}

@string{essdd   ={Earth Syst. Sci. Data Discuss.}}

@string{est     ={Environ. Sci. Technol.}}

@string{et      ={Environ. Technol.}}

@string{etc     ={Environ. Toxicol. Chem.}}

@string{etl     ={Environ. Technol. Lett.}} % http://www.tandfonline.com/loi/tent20#

@string{exsupp  ={Experientia Suppl.}} % http://link.springer.com/bookseries/4822

@string{fc      ={Food Chem.}} % https://www.sciencedirect.com/journal/food-chemistry

@string{fd      ={Faraday Discuss.}}            % since volume 92

@string{fdcs    ={Faraday Discuss. Chem. Soc.}} % until volume 91

@string{ffj     ={Flavour Fragrance J.}}

@string{fh      ={Food Hydrocolloids}}

@string{figsh   ={Figshare}}

@string{fjac    ={Fresenius J. Anal. Chem.}}

@string{fpe     ={Fluid Phase Equilib.}}

@string{freb    ={Fresenius Environ. Bull.}} % http://www.psp-parlar.de/journals.asp

@string{frrc    ={Free Radical Res. Commun.}}

@string{gbc     ={Global Biogeochem. Cycles}}

@string{gca     ={Geochim. Cosmochim. Acta}}

@string{geol    ={Geology}}

@string{geot    ={Geothermics}}

@string{ggg     ={Geochem. geophys. Geosyst.}}

@string{gj      ={Geochem. J.}} % https://www.terrapub.co.jp/journals/GJ/

@string{gmd     ={Geosci. Model Dev.}}

@string{gmdd    ={Geosci. Model Dev. Discuss.}}

@string{gra     ={Geophys. Res. Abstr.}}

@string{grl     ={Geophys. Res. Lett.}}

@string{gs      ={Geophys. Surv.}}

@string{hca     ={Helv. Chim. Acta}}

@string{hec     ={High Energy Chem.}}

@string{hp      ={Health Phys.}}

@string{ic      ={Inorg. Chem.}}

@string{ica     ={Inorg. Chim. Acta}}

@string{idoja   ={Id\"oj\'ar\'as}}

@string{iec     ={Ind. Eng. Chem.}}

@string{iecf    ={Ind. Eng. Chem. Fund.}}

@string{iecpdd  ={Ind. Eng. Chem. Process Des. Dev.}}

@string{iecr    ={Ind. Eng. Chem. Res.}}

@string{ieeetpami  ={IEEE Trans. Pattern Anal. Machine Intell.}} % https://ieeexplore.ieee.org/xpl/RecentIssue.jsp?punumber=34

@string{ieeetpds  ={IEEE Trans. Parallel Distrib. Syst.}}

@string{ijari   ={Int. J. Appl. Radiat. Isot.}}

@string{ijck    ={Int. J. Chem. Kinet.}}

@string{ijeac   ={Int. J. Environ. Anal. Chem.}}

@string{ijfst   ={Int. J. Food Sci. Technol.}}

@string{ijggc   ={Int. J. Greenhouse Gas Control}}

@string{ijms    ={Int. J. Mass Spectrom.}}            % new name

@string{ijmsip  ={Int. J. Mass Spectrom. Ion Proc.}}  % old name

@string{ijqc    ={Int. J. Quantum Chem.}}

@string{ijraic  ={Int. J. Radiat. Appl. Instrum. C}} % C = Radiation Physics and Chemistry

@string{ijslr   ={Int. J. Salt Lake Res.}}

@string{ijt     ={Int. J. Thermodyn.}}

@string{irpc    ={Int. Rev. Phys. Chem.}}

@string{jac     ={J. Atmos. Chem.}}

@string{jacm    ={J. Assoc. Comput. Machinery}}

@string{jacs    ={J. Am. Chem. Soc.}}

@string{jacussr ={J. Anal. Chem. USSR}}

@string{jafc    ={J. Agric. Food Chem.}}

@string{jam     ={J. Appl. Meteorol.}}       % old name from 1962-2005

@string{jamc    ={J. Appl. Meteorol. Clim.}} % new name since 2006

@string{james   ={J. Adv. Model. Earth Syst.}} % https://agupubs.onlinelibrary.wiley.com/journal/19422466

@string{jaocs   ={J. Am. Oil Chem. Soc.}}

@string{japca   ={J. Air Pollut. Control Assoc.}} % 1955-1989, now: jawma

@string{jap     ={J. Appl. Physiol.}}

@string{jappl   ={J. Appl. Chem.}}

@string{jas     ={J. Aerosol Sci.}}

@string{jastp   ={J. Atmos. Sol.-Terr. Phys.}}

@string{jat     ={J. Anal. Technol.}}

@string{jats    ={J. Atmos. Sci.}}

@string{jawma   ={J. Air Waste Manage. Assoc.}} % http://secure.awma.org/onlinelibrary/AdvancedSearch.aspx

@string{jawwa   ={J. Am. Water Works Assoc.}}

@string{jbc     ={J. Biol. Chem.}}

@string{jbsce   ={J. Boston Soc. Civil Eng.}}

@string{jc      ={J. Clim.}}

@string{jcam    ={J. Comput. Appl. Math.}}

@string{jcc     ={J. Comput. Chem.}}

@string{jccs    ={J. Chilean Chem. Soc.}}

@string{jce     ={J. Chem. Educ.}}

@string{jced    ={J. Chem. Eng. Data}}

@string{jcej    ={J. Chem. Eng. Jpn.}}

@string{jchro   ={J. Chromatogr.}}

@string{jchroa  ={J. Chromatogr. A}}

@string{jchrob  ={J. Chromatogr. B}}

@string{jchros  ={J. Chromatogr. Sci.}}

@string{jci     ={J. Chem. Inf.}} % https://jcheminf.biomedcentral.com/

@string{jcics   ={J. Chem. Inf. Comput. Sci.}}

@string{jcois   ={J. Colloid Interface Sci.}}

@string{jcos    ={J. Colloid Sci.}}

@string{jcp     ={J. Chem. Phys.}}

@string{jcpr    ={J. Chem. Pharm. Res.}} % ISSUE must be included for jcpr

@string{jcs     ={J. Chem. Soc.}}

@string{jcsa    ={J. Chem. Soc. A}}

@string{jcsb    ={J. Chem. Soc. B}}

@string{jcsc    ={J. Chem. Soc. C}}

@string{jcscc   ={J. Chem. Soc. Chem. Commum.}} % no volume

@string{jcsdt   ={J. Chem. Soc. Dalton Trans.}}

@string{jcsft   ={J. Chem. Soc. Faraday Trans.}} % 1 and 2 merged since vol 86

@string{jcsft1  ={J. Chem. Soc. Faraday Trans. 1}} % before vol 68 see tfs

@string{jcsft2  ={J. Chem. Soc. Faraday Trans. 2}} % before vol 68 see tfs

@string{jcsi    ={J. Chem. Soc. Ind.}}

@string{jcspt1  ={J. Chem. Soc. Perkin Trans. 1}} % no volume

@string{jcspt2  ={J. Chem. Soc. Perkin Trans. 2}} % no volume

@string{jct     ={J. Chem. Thermodyn.}}

@string{jctb    ={J. Chem. Tech. Biotechnol.}}

@string{jeb     ={J. Exp. Bot.}}

@string{jec     ={J. Environ. Chem.}}

@string{jece    ={J. Environ. Chem. Eng.}}

@string{jecs    ={J. Electrochem. Soc.}}

@string{jeed    ={J. Environ. Eng. Div.}} % ISSN: 0090-3914

@string{jem     ={J. Environ. Monit.}}

@string{jeq     ={J. Environ. Qual.}} % https://www.agronomy.org/publications/jeq

@string{jes     ={J. Environ. Sci.}}

@string{jesh    ={J. Environ. Sci. Health B}}

@string{jesph   ={J. Environ. Sci. Public Health}}

@string{jg      ={J. Glaciol.}}

@string{jgr     ={J. Geophys. Res.}} % include letter A-D for Vol >= 83

@string{jgratm  ={J. Geophys. Res. Atmos.}} % new name (since 2015?)

@string{jhm     ={J. Hazard. Mater.}}

@string{jiec    ={J. Ind. Eng. Chem.}}

@string{jinc    ={J. Inorg. Nucl. Chem.}}

@string{jkice   ={J. Korean Inst. Chem. Eng.}}

@string{jlc     ={J. Liq. Chromatogr.}}

@string{jm      ={J. Meteorol.}}

@string{jml     ={J. Mol. Liq.}}

@string{jmr     ={J. Mar. Res.}}

@string{jms     ={J. Mol. Struct.}}

@string{jnci    ={J. Natl. Cancer Inst.}}

@string{jne     ={J. Nucl. Energy}}

@string{jnm     ={J. Nucl. Mater.}}

@string{joc     ={J. Org. Chem.}}

@string{jp      ={J. Photochem.}}

@string{jpc     ={J. Phys. Chem.}} % until Vol 100

@string{jpca    ={J. Phys. Chem. A}} % starting Vol 101

@string{jpcb    ={J. Phys. Chem. B}} % starting Vol 101

@string{jpcl    ={J. Phys. Chem. Lett.}}

@string{jpcrd   ={J. Phys. Chem. Ref. Data}}

@string{jpess   ={J. Pestic. Sci.}}

@string{jpet    ={J. Pharmacol. Exp. Ther.}}

@string{jpivf   ={J. Phys. IV France}}

@string{jppa    ={J. Photochem. Photobiol. A: Chem.}}

@string{jps     ={J. Pharm. Sci.}}

@string{jqsrt   ={J. Quant. Spectrosc. Radiat. Transfer}}

@string{jrnbsa  ={J. Res. Natl. Bureau Standards A: Phys. Chem.}}

@string{jrnc    ={J. Radioanal. Nucl. Chem.}}

@string{jsc     ={J. Solution Chem.}}

@string{jsci    ={J. Soc. Chem. Ind.}}

@string{jsfa    ={J. Sci. Food Agri.}} % http://onlinelibrary.wiley.com/journal/10.1002/%28ISSN%291097-0010

@string{jsr     ={J. Sea Res.}}

@string{jwpcf   ={J. Water Pollut. Control Fed.}}

@string{kjce    ={Korean J. Chem. Eng.}} % http://link.springer.com/journal/volumesAndIssues/11814

@string{lac     ={Liebigs Ann. Chem.}} % Justus Liebigs Annalen Der Chemie

@string{lait    ={Lait}} % https://lait.dairy-journal.org/

@string{lo      ={Limnol. Oceanogr.}}

@string{mc      ={Mar. Chem.}}

@string{meps    ={Mar. Ecol. Prog. Ser.}}

@string{mer     ={Mar. Environ. Res.}}

@string{moch    ={Monatsh. Chem. - Chem. Mon.}}

@string{mpb     ={Mar. Pollut. Bull.}}

@string{mps     ={Meteorit. Planet. Sci.}}

@string{mrms    ={Mem. R. Meteorol. Soc.}}

@string{mte     ={Math. Term\'esz. \'Ertesit\"o}} % Mathematikai és Természettudományi Értesítő = Mathematics and Science Bulletin

@string{mtr     ={Metrologia}} % http://iopscience.iop.org/0026-1394

@string{mwr     ={Mon. Weather Rev.}} % Monthly Weather Review

@string{mz      ={Meteorol. Z.}}

@string{nat     ={Nature}}

@string{natchem ={Nature Chem.}}

@string{natcom  ={Nature Commun.}}

@string{natgeo  ={Nature Geosci.}}

@string{natwis  ={Naturwissenschaften}}

@string{nhm     ={Netw. Heterog. Media}}

@string{nim     ={Nucl. Instrum. Methods}}

@string{nimpr   ={Nucl. Instrum. Methods Phys. Res., Sect. B}}

@string{oc      ={Organohalogen Compd.}}

@string{ocp     ={Oil Chem. Pollut.}}

@string{oem     ={Occup. Environ. Med.}} % previously bjim

@string{ogj     ={Oil Gas J.}}           % include NUMBER in addition to VOLUME

@string{on      ={Ozone News}}

@string{os      ={Ocean Sci.}}

@string{osd     ={Ocean Sci. Discuss.}}

@string{ose     ={Ozone: Sci. Eng.}}

@string{pac     ={Pure Appl. Chem.}}

@string{pag     ={Pure Appl. Geophys.}}

@string{parc    ={Polycyclic Aromat. Compd.}}

@string{pccp    ={Phys. Chem. Chem. Phys.}} % new: combination of bbpc and jcsft

@string{pceb    ={Phys. Chem. Earth B}}

@string{pci     ={Proc. Combust. Inst.}}

@string{pe      ={Pollut. Eng.}} % http://rzblx1.uni-regensburg.de/ezeit/warpto.phtml?bibid=MPICH&colors=7&lang=de&jour_id=17758

@string{pess    ={Pestic. Sci.}}

@string{phys    ={Physica}}

@string{pnas    ={Proc. Natl. Acad. Sci. USA}}

@string{pns     ={Prog. Nat. Sci.}} % Progress in Natural Science

@string{ppmc    ={Pulp Pap. Mag. Can.}}

@string{pr      ={Polar Res.}}

@string{prev    ={Phys. Rev.}}

@string{proe    ={Procedia Eng.}}

@string{prsla   ={Proc. R. Soc. Lond. A}}

@string{prslb   ={Proc. R. Soc. Lond. B}}

@string{psep    ={Process Saf. Environ. Prot.}}

@string{pss     ={Planet. Space Sci.}}

@string{pt      ={Physics Today}}

@string{ptrsl   ={Phil. Trans. R. Soc. Lond.}}   % Philosophical Transactions of the Royal Society

@string{ptrsla  ={Phil. Trans. R. Soc. Lond. A}} % Philosophical Transactions of the Royal Society A

@string{qjrms   ={Q. J. R. Meteorol. Soc.}}

@string{radium  ={Radium (Paris)}}

@string{rcb     ={Russ. Chem. Bull.}}

@string{rect    ={Rev. Environ. Contam. Toxicol.}}

@string{rg      ={Rev. Geophys.}}

@string{rgsp    ={Rev. Geophys. Space Phys.}}

@string{rjappl  ={Russ. J. Appl. Chem.}}

@string{rjpc    ={Russ. J. Phys. Chem.}}

@string{rjpca   ={Russ. J. Phys. Chem. A}} % A = Focus on Chemistry

@string{rmzmg   ={RMZ Mater. Geoenviron.}}

@string{rpc     ={Radiat. Phys. Chem.}}

@string{rtcpb   ={Recl. Trav. Chim. Pays-Bas}} % Recueil des Travaux Chimiques des Pays-Bas

@string{sajfl   ={SAE Int. J. Fuels Lubr.}}

@string{sap     ={Skand. Arch. Physiol.}}

@string{sc      ={Sci. China}}

@string{sci     ={Science}}

@string{sciam   ={Scientific American}}

@string{sciex   ={Science Express}}

@string{sdw     ={Spektrum der Wissenschaft}}

@string{sg      ={Surv. Geophys.}}

@string{siamrev ={SIAM Rev.}}

@string{spt     ={Sep. Pur. Tech.}}

@string{sqer    ={SAR QSAR Environ. Res.}}

@string{ste     ={Sci. Total Environ.}}

@string{sw      ={Space Weather}}

@string{tc      ={The Cryosphere}}

@string{tcd     ={The Cryosphere Discuss.}}

@string{tel     ={Tellus}} % include letter B for Vol >= 35

@string{tfs     ={Trans. Faraday Soc.}} % after vol 67 see jcsft1 and jcsft2

@string{tih     ={Toxicol. Ind. Health}}

@string{tomacs  ={ACM TOMACS}} % ACM Trans. Model. Comput. Simul.

@string{toms    ={ACM TOMS}} % ACM Trans. Math. Software

@string{toxi    ={Toxicology}} % http://www.sciencedirect.com/science/journal/0300483X

@string{toxlet  ={Toxicol. Lett.}}

@string{ubr     ={Undersea Biomed. Res.}}

@string{wa      ={Wied. Ann.}} % Wiedemann Annalen Band 1 = Annalen der Physik Band 237

@string{wasp    ={Water Air Soil Pollut.}}

@string{waspf   ={Water Air Soil Pollut. Focus}}

@string{wer     ={Water Environ. Res.}}

@string{wm      ={Waste Manage.}}

@string{wr      ={Wat. Res.}}

@string{wst     ={Wat. Sci. Tech.}}

@string{zac     ={Z. Angew. Chem.}}

@string{zamm    ={Z. Angew. Math. Mech.}}

@string{ze      ={Z. Elektrochem.}}

@string{zna     ={Z. Naturforsch. A}}

@string{znb     ={Z. Naturforsch. B}}

@string{zpc     ={Z. Phys. Chem.}} % include letter A or B for some volumes

@string{zpk     ={Zh. Prikl. Khim.}}

@string{zplc    ={Z. Physiol. Chem.}} % now: Biol. Chem.

@ARTICLE{32,
  KEYWORD =      {accommodation-coeff},
  AUTHOR =       {D. R. Worsnop and M. S. Zahniser and C. E. Kolb and J.
                  A. Gardner and L. R. Watson and J. M. {van Doren} and
                  J. T. Jayne and P. Davidovits},
  TITLE =        {The temperature dependence of mass accommodation of
                  \chem{SO_2} and \chem{H_2O_2} on aqueous surfaces},
  JOURNAL =      jpc,
  VOLUME =       93,
  PAGES =        {1159-1172},
  DOI =          {10.1021/J100340A027},
  YEAR =         1989
}

@ARTICLE{34,
  KEYWORD =      {model and rxn and rate-const and chain and
                  \chem{Fe^{2/3+}}},
  AUTHOR =       {S. N. Pandis and J. H. Seinfeld},
  TITLE =        {Sensitivity analysis of a chemical mechanism for
                  aqueous-phase atmospheric chemistry},
  JOURNAL =      jgr,
  VOLUME =       {94D},
  PAGES =        {1105-1126},
  DOI =          {10.1029/JD094ID01P01105},
  YEAR =         1989
}

@ARTICLE{46,
  KEYWORD =      {rate-const},
  AUTHOR =       {D. J. Jacob},
  TITLE =        {Chemistry of \chem{OH} in remote clouds and its role
                  in the production of formic acid and
                  peroxymonosulfate},
  JOURNAL =      jgr,
  VOLUME =       {91D},
  PAGES =        {9807-9826},
  DOI =          {10.1029/JD091ID09P09807},
  YEAR =         1986
}

@ARTICLE{155,
  KEYWORD =      {accommodation-coeff},
  AUTHOR =       {J. T. Jayne and S. X. Duan and P. Davidovits and D. R.
                  Worsnop and M. S. Zahniser and C. E. Kolb},
  TITLE =        {Uptake of gas-phase alcohol and organic acid molecules
                  by water surfaces},
  JOURNAL =      jpc,
  VOLUME =       95,
  PAGES =        {6329-6336},
  DOI =          {10.1021/J100169A047},
  YEAR =         1991
}

@ARTICLE{162,
  KEYWORD =      {Henry and model and DMS and iodine},
  AUTHOR =       {R. B. Chatfield and P. J. Crutzen},
  TITLE =        {Are there interactions of iodine and sulfur species in
                  marine air photochemistry?},
  JOURNAL =      jgr,
  VOLUME =       {95D},
  PAGES =        {22319-22341},
  DOI =          {10.1029/JD095ID13P22319},
  YEAR =         1990
}

@ARTICLE{176,
  KEYWORD =      {accommodation-coeff},
  AUTHOR =       {J. L. Ponche and C. George and P. Mirabel},
  TITLE =        {Mass transfer at the air/water interface: Mass
                  accommodation coefficients of \chem{SO_2},
                  \chem{HNO_3}, \chem{NO_2} and \chem{NH_3}},
  JOURNAL =      jac,
  VOLUME =       16,
  PAGES =        {1-21},
  DOI =          {10.1007/BF00696620},
  YEAR =         1993
}

@ARTICLE{190,
  KEYWORD =      {Henry},
  AUTHOR =       {E. Wilhelm and R. Battino and R. J. Wilcock},
  TITLE =        {Low-pressure solubility of gases in liquid water},
  JOURNAL =      cr,
  VOLUME =       77,
  PAGES =        {219-262},
  DOI =          {10.1021/CR60306A003},
  YEAR =         1977
}

@BOOK{194,
  KEYWORD =      {data-tables},
  AUTHOR =       {E. Lax},
  TITLE =        {Taschenbuch f\"ur Chemiker und Physiker},
  PUBLISHER =    {Springer Verlag, Berlin},
  YEAR =         1969
}

@ARTICLE{288,
  KEYWORD =      {Henry},
  AUTHOR =       {Blatchley, III, E. R. and R. W. Johnson and J. E.
                  Alleman and W. F. McCoy},
  TITLE =        {Effective Henry's law constants for free chlorine
                  and free bromine},
  JOURNAL =      wr,
  VOLUME =       26,
  PAGES =        {99-106},
  DOI =          {10.1016/0043-1354(92)90117-M},
  YEAR =         1992
}

@ARTICLE{311,
  KEYWORD =      {Henry},
  AUTHOR =       {J. A. Lind and G. L. Kok},
  TITLE =        {Correction to ``Henry's law determinations for
                  aqueous solutions of hydrogen peroxide,
                  methylhydroperoxide, and peroxyacetic acid'' by John
                  A.\ Lind and Gregory L.\ Kok},
  JOURNAL =      jgr,
  VOLUME =       {99D},
  PAGES =        21119,
  DOI =          {10.1029/94JD01155},
  YEAR =         1994
}

@ARTICLE{380,
  KEYWORD =      {accommodation-coeff and scaven and Henry},
  AUTHOR =       {J. H. Hu and Q. Shi and P. Davidovits and D. R.
                  Worsnop and M. S. Zahniser and C. E. Kolb},
  TITLE =        {Reactive uptake of \chem{Cl_2(g)} and \chem{Br_2(g)}
                  by aqueous surfaces as a function of \chem{Br^-} and
                  \chem{I^-} ion concentration: The effect of chemical
                  reaction at the interface},
  JOURNAL =      jpc,
  VOLUME =       99,
  PAGES =        {8768-8776},
  DOI =          {10.1021/J100021A050},
  YEAR =         1995
}

@ARTICLE{389,
  KEYWORD =      {accommodation-coeff},
  AUTHOR =       {W. J. {De Bruyn} and J. A. Shorter and P. Davidovits
                  and D. R. Worsnop and M. S. Zahniser and C. E. Kolb},
  TITLE =        {Uptake of gas-phase sulfur species methanesulfonic
                  acid, dimethylsulfoxide, and dimethyl sulfone by
                  aqueous surfaces},
  JOURNAL =      jgr,
  VOLUME =       {99D},
  PAGES =        {16927-16932},
  DOI =          {10.1029/94JD00684},
  YEAR =         1994
}

@ARTICLE{448,
  KEYWORD =      {accommodation-coeff},
  AUTHOR =       {O. W. Saastad and T. Ellermann and C. J. Nielsen},
  TITLE =        {On the adsorption of \chem{NO} and \chem{NO_2} on cold
                  \chem{H_2O}/\chem{H_2SO_4} surfaces},
  JOURNAL =      grl,
  VOLUME =       20,
  PAGES =        {1191-1193},
  DOI =          {10.1029/93GL01621},
  YEAR =         1993
}

@INPROCEEDINGS{449,
  KEYWORD =      {Henry and \chem{NO_x} and \chem{NO_y}},
  AUTHOR =       {S. E. Schwartz and W. H. White},
  TITLE =        {Solubility equilibria of the nitrogen oxides and
                  oxyacids in dilute aqueous solution},
  EDITOR =       {J. R. Pfafflin and E. N. Ziegler},
  BOOKTITLE =    {Advances in Environmental Science and Engineering},
  PUBLISHER =    {Gordon and Breach Science Publishers, NY},
  VOLUME =       4,
  PAGES =        {1-45},
  YEAR =         1981
}

@ARTICLE{450,
  KEYWORD =      {\chem{HNO_3}},
  AUTHOR =       {Davis, Jr., W. and H. J. {de Bruin}},
  TITLE =        {New activity coefficients of 0-100 per cent aqueous
                  nitric acid},
  JOURNAL =      jinc,
  VOLUME =       26,
  PAGES =        {1069-1083},
  DOI =          {10.1016/0022-1902(64)80268-2},
  YEAR =         1964
}

@ARTICLE{483,
  KEYWORD =      {Henry},
  AUTHOR =       {J. R. Snider and G. A. Dawson},
  TITLE =        {Tropospheric light alcohols, carbonyls, and
                  acetonitrile: Concentrations in the southwestern
                  United States and Henry's law data},
  JOURNAL =      jgr,
  VOLUME =       {90D},
  PAGES =        {3797-3805},
  DOI =          {10.1029/JD090ID02P03797},
  YEAR =         1985
}

@ARTICLE{489,
  KEYWORD =      {data-tables},
  AUTHOR =       {D. D. Wagman and W. H. Evans and V. B. Parker and R.
                  H. Schumm and I. Halow and S. M. Bailey and K. L.
                  Churney and R. L. Nuttall},
  TITLE =        {The NBS tables of chemical thermodynamic properties;
                  Selected values for inorganic and \chem{C_1} and
                  \chem{C_2} organic substances in SI units},
  JOURNAL =      jpcrd,
  VOLUME =       11,
  PAGES =        {suppl. 2},
  YEAR =         1982
}

@ARTICLE{493,
  KEYWORD =      {Henry},
  AUTHOR =       {I. Khan and P. Brimblecombe and S. L. Clegg},
  TITLE =        {Solubilities of pyruvic acid and the lower
                  (\chem{C_1}-\chem{C_6}) carboxylic acids. Experimental
                  determination of equilibrium vapour pressures above
                  pure aqueous and salt solutions},
  JOURNAL =      jac,
  VOLUME =       22,
  PAGES =        {285-302},
  DOI =          {10.1007/BF00696639},
  YEAR =         1995
}

@ARTICLE{514,
  KEYWORD =      {Henry},
  AUTHOR =       {A. Fried and B. E. Henry and J. G. Calvert and M.
                  Mozurkewich},
  TITLE =        {The reaction probability of \chem{N_2O_5} with
                  sulfuric acid aerosols at stratospheric temperatures
                  and compositions},
  JOURNAL =      jgr,
  VOLUME =       {99D},
  PAGES =        {3517-3532},
  DOI =          {10.1029/93JD01907},
  YEAR =         1994
}

@ARTICLE{515,
  KEYWORD =      {accommodation-coeff and Henry},
  AUTHOR =       {D. R. Hanson and J. B. Burkholder and C. J. Howard and
                  A. R. Ravishankara},
  TITLE =        {Measurement of \chem{OH} and \chem{HO_2} radical
                  uptake coefficients on water and sulfuric acid
                  surfaces},
  JOURNAL =      jpc,
  VOLUME =       96,
  PAGES =        {4979-4985},
  DOI =          {10.1021/J100191A046},
  YEAR =         1992
}

@ARTICLE{516,
  KEYWORD =      {Henry},
  AUTHOR =       {D. W. O'Sullivan and M. Lee and B. C. Noone and B. G.
                  Heikes},
  TITLE =        {Henry's law constant determinations for hydrogen
                  peroxide, methyl hydroperoxide, hydroxymethyl
                  hydroperoxide, ethyl hydroperoxide, and peroxyacetic
                  acid},
  JOURNAL =      jpc,
  VOLUME =       100,
  PAGES =        {3241-3247},
  DOI =          {10.1021/JP951168N},
  YEAR =         1996
}

@ARTICLE{530,
  KEYWORD =      {Henry},
  AUTHOR =       {P. Brimblecombe and S. L. Clegg},
  TITLE =        {Erratum},
  JOURNAL =      jac,
  VOLUME =       8,
  PAGES =        95,
  DOI =          {10.1007/BF00053818},
  YEAR =         1989
}

@ARTICLE{582,
  KEYWORD =      {iodine and rate-const and Henry},
  AUTHOR =       {D. A. Palmer and R. W. Ramette and R. E. Mesmer},
  TITLE =        {The hydrolysis of iodine: Equilibria at high
                  temperatures},
  JOURNAL =      jnm,
  VOLUME =       130,
  PAGES =        {280-286},
  DOI =          {10.1016/0022-3115(85)90317-4},
  YEAR =         1985
}

@ARTICLE{588,
  KEYWORD =      {Henry},
  AUTHOR =       {P. Saxena and L. M. Hildemann},
  TITLE =        {Water-soluble organics in atmospheric particles: A
                  critical review of the literature and application of
                  thermodynamics to identify candidate compounds},
  JOURNAL =      jac,
  VOLUME =       24,
  PAGES =        {57-109},
  DOI =          {10.1007/BF00053823},
  YEAR =         1996
}

@ARTICLE{641,
  KEYWORD =      {Henry},
  AUTHOR =       {R. Bone and P. Cullis and R. Wolfenden},
  TITLE =        {Solvent effects on equilibria of addition of
                  nucleophiles to acetaldehyde and the hydrophilic
                  character of diols},
  JOURNAL =      jacs,
  VOLUME =       105,
  PAGES =        {1339-1343},
  DOI =          {10.1021/JA00343A044},
  YEAR =         1983
}

@ARTICLE{763,
  KEYWORD =      {Henry},
  AUTHOR =       {V. M. Berdnikov and N. M. Bazhin},
  TITLE =        {Oxidation-reduction potentials of certain inorganic
                  radicals in aqueous solutions},
  JOURNAL =      rjpc,
  VOLUME =       44,
  PAGES =        {395-398},
  YEAR =         1970
}

@ARTICLE{797,
  KEYWORD =      {Henry},
  AUTHOR =       {J.-M. R\'egimbal and M. Mozurkewich},
  TITLE =        {Peroxynitric acid decay mechanisms and kinetics at low
                  {pH}},
  JOURNAL =      jpca,
  VOLUME =       101,
  PAGES =        {8822-8829},
  DOI =          {10.1021/JP971908N},
  YEAR =         1997
}

@ARTICLE{824,
  KEYWORD =      {Henry},
  AUTHOR =       {S. F. Watts and P. Brimblecombe},
  TITLE =        {The Henry's law constant of dimethyl sulphoxide},
  JOURNAL =      etl,
  VOLUME =       8,
  PAGES =        {483-486},
  DOI =          {10.1080/09593338709384509},
  YEAR =         1987
}

@TECHREPORT{826,
  KEYWORD =      {data-tables and rate-const},
  AUTHOR =       {W. B. DeMore and S. P. Sander and D. M. Golden and R.
                  F. Hampson and M. J. Kurylo and C. J. Howard and A. R.
                  Ravishankara and C. E. Kolb and M. J. Molina},
  TITLE =        {Chemical kinetics and photochemical data for use in
                  stratospheric modeling. Evaluation number 12},
  TYPE =         {JPL Publication},
  NUMBER =       {97-4},
  INSTITUTION =  {Jet Propulsion Laboratory},
  ADDRESS =      {Pasadena, CA},
  YEAR =         1997
}

@ARTICLE{844,
  KEYWORD =      {rate-const},
  AUTHOR =       {L. Magi and F. Schweitzer and C. Pallares and S.
                  Cherif and P. Mirabel and C. George},
  TITLE =        {Investigation of the uptake rate of ozone and methyl
                  hydroperoxide by water surfaces},
  JOURNAL =      jpca,
  VOLUME =       101,
  PAGES =        {4943-4949},
  DOI =          {10.1021/JP970646M},
  YEAR =         1997
}

@ARTICLE{930,
  KEYWORD =      {het-rxn},
  AUTHOR =       {J. P. D. Abbatt and G. C. G. Waschewsky},
  TITLE =        {Heterogeneous interactions of \chem{HOBr},
                  \chem{HNO_3}, \chem{O_3}, and \chem{NO_2} with
                  deliquescent \chem{NaCl} aerosols at room temperature},
  JOURNAL =      jpca,
  VOLUME =       102,
  PAGES =        {3719-3725},
  DOI =          {10.1021/JP980932D},
  YEAR =         1998
}

@ARTICLE{937,
  KEYWORD =      {het-rxn},
  AUTHOR =       {A. Frenzel and V. Scheer and R. Sikorski and C. George
                  and W. Behnke and C. Zetzsch},
  TITLE =        {Heterogeneous interconversion reactions of
                  \chem{BrNO_2}, \chem{ClNO_2}, \chem{Br_2}, and
                  \chem{Cl_2}},
  JOURNAL =      jpca,
  VOLUME =       102,
  PAGES =        {1329-1337},
  DOI =          {10.1021/JP973044B},
  YEAR =         1998
}

@ARTICLE{1029,
  KEYWORD =      {accommodation-coeff},
  AUTHOR =       {S. Fickert and F. Helleis and J. W. Adams and G. K.
                  Moortgat and J. N. Crowley},
  TITLE =        {Reactive uptake of \chem{ClNO_2} on aqueous bromide
                  solutions},
  JOURNAL =      jpca,
  VOLUME =       102,
  PAGES =        {10689-10696},
  DOI =          {10.1021/JP983004N},
  YEAR =         1998
}

@ARTICLE{1038,
  KEYWORD =      {Henry},
  AUTHOR =       {W. P. Bartlett and D. W. Margerum},
  TITLE =        {Temperature dependencies of the Henry's law constant
                  and the aqueous phase dissociation constant of bromine
                  chloride},
  JOURNAL =      est,
  VOLUME =       33,
  PAGES =        {3410-3414},
  DOI =          {10.1021/ES990300K},
  YEAR =         1999
}

@ARTICLE{1047,
  KEYWORD =      {accommodation-coeff},
  AUTHOR =       {A. Takami and S. Kato and A. Shimono and S. Koda},
  TITLE =        {Uptake coefficient of \chem{OH} radical on aqueous
                  surface},
  JOURNAL =      cp,
  VOLUME =       231,
  PAGES =        {215-227},
  DOI =          {10.1016/S0301-0104(98)00004-4},
  YEAR =         1998
}

@ARTICLE{1048,
  KEYWORD =      {accommodation-coeff and rate-const},
  AUTHOR =       {Y. Rudich and R. K. Talukdar and T. Imamura and R. W.
                  Fox and A. R. Ravishankara},
  TITLE =        {Uptake of \chem{NO_3} on \chem{KI} solutions: Rate
                  coefficient for the \chem{NO_3} + \chem{I^-} reaction
                  and gas-phase diffusion coefficients for \chem{NO_3}},
  JOURNAL =      cpl,
  VOLUME =       261,
  PAGES =        {467-473},
  DOI =          {10.1016/0009-2614(96)00980-3},
  YEAR =         1996
}

@ARTICLE{1060,
  KEYWORD =      {Henry},
  AUTHOR =       {V. Scheer and A. Frenzel and W. Behnke and C. Zetzsch
                  and L. Magi and C. George and P. Mirabel},
  TITLE =        {Uptake of nitrosyl chloride (\chem{NOCl}) by aqueous
                  solutions},
  JOURNAL =      jpca,
  VOLUME =       101,
  PAGES =        {9359-9366},
  DOI =          {10.1021/JP972143M},
  YEAR =         1997
}

@ARTICLE{1063,
  KEYWORD =      {Henry},
  AUTHOR =       {I. Khan and P. Brimblecombe and S. L. Clegg},
  TITLE =        {The Henry's law constants of pyruvic and methacrylic
                  acids},
  JOURNAL =      et,
  VOLUME =       13,
  PAGES =        {587-593},
  DOI =          {10.1080/09593339209385187},
  YEAR =         1992
}

@ARTICLE{1161,
  KEYWORD =      {accommodation-coeff},
  AUTHOR =       {F. Schweitzer and P. Mirabel and C. George},
  TITLE =        {Uptake of hydrogen halides by water droplets},
  JOURNAL =      jpca,
  VOLUME =       104,
  PAGES =        {72-76},
  DOI =          {10.1021/JP992621O},
  YEAR =         2000
}

@ARTICLE{1205,
  KEYWORD =      {accommodation-coeff},
  AUTHOR =       {U. P\"oschl and M. Canagaratna and J. T. Jayne and L.
                  T. Molina and D. R. Worsnop and C. E. Kolb and M. J.
                  Molina},
  TITLE =        {Mass accommodation coefficient of \chem{H_2SO_4} vapor
                  on aqueous sulfuric acid surfaces and gaseous
                  diffusion coefficient of \chem{H_2SO_4} in
                  \chem{N_2}/\chem{H_2O}},
  JOURNAL =      jpca,
  VOLUME =       102,
  PAGES =        {10082-10089},
  DOI =          {10.1021/JP982809S},
  YEAR =         1998
}

@ARTICLE{1257,
  KEYWORD =      {rxn and chain and ox},
  AUTHOR =       {P. Warneck},
  TITLE =        {The relative importance of various pathways for the
                  oxidation of sulfur dioxide and nitrogen dioxide in
                  sunlit continental fair weather clouds},
  JOURNAL =      pccp,
  VOLUME =       1,
  PAGES =        {5471-5483},
  DOI =          {10.1039/A906558J},
  YEAR =         1999
}

@ARTICLE{1442,
  KEYWORD =      {model},
  AUTHOR =       {M. Leriche and D. Voisin and N. Chaumerliac and A.
                  Monod and B. Aumont},
  TITLE =        {A model for tropospheric multiphase chemistry:
                  application to one cloudy event during the CIME
                  experiment},
  JOURNAL =      ae,
  VOLUME =       34,
  PAGES =        {5015-5036},
  DOI =          {10.1016/S1352-2310(00)00329-0},
  YEAR =         2000
}

@ARTICLE{1497,
  KEYWORD =      {Henry},
  AUTHOR =       {M. H. Abraham},
  TITLE =        {Thermodynamics of solution of homologous series of
                  solutes in water},
  JOURNAL =      jcsft1,
  VOLUME =       80,
  PAGES =        {153-181},
  DOI =          {10.1039/F19848000153},
  YEAR =         1984
}

@ARTICLE{1514,
  KEYWORD =      {Henry},
  AUTHOR =       {B. M\"uller and M. R. Heal},
  TITLE =        {The Henry's law coefficient of 2-nitrophenol over
                  the temperature range 278-303~\unit{K}},
  JOURNAL =      chemo,
  VOLUME =       45,
  PAGES =        {309-314},
  DOI =          {10.1016/S0045-6535(00)00592-0},
  YEAR =         2001
}

@ARTICLE{1565,
  KEYWORD =      {iodine and het-rxn},
  AUTHOR =       {J. C. M\"ossinger and R. A. Cox},
  TITLE =        {Heterogeneous reaction of \chem{HOI} with sodium
                  halide salts},
  JOURNAL =      jpca,
  VOLUME =       105,
  PAGES =        {5165-5177},
  DOI =          {10.1021/JP0044678},
  YEAR =         2001
}

@ARTICLE{1572,
  KEYWORD =      {accommodation-coeff},
  AUTHOR =       {N. S. Holmes and J. W. Adams and J. N. Crowley},
  TITLE =        {Uptake and reaction of \chem{HOI} and \chem{IONO_2} on
                  frozen and dry \chem{NaCl}/\chem{NaBr} surfaces and
                  \chem{H_2SO_4}},
  JOURNAL =      pccp,
  VOLUME =       3,
  PAGES =        {1679-1687},
  DOI =          {10.1039/B100247N},
  YEAR =         2001
}

@ARTICLE{1647,
  KEYWORD =      {accommodation-coeff},
  AUTHOR =       {G. Deiber and C. George and S. {Le Calv\'e} and F.
                  Schweitzer and P. Mirabel},
  TITLE =        {Uptake study of \chem{ClONO_2} and \chem{BrONO_2} by
                  halide containing droplets},
  JOURNAL =      acp,
  VOLUME =       4,
  PAGES =        {1291-1299},
  DOI =          {10.5194/ACP-4-1291-2004},
  YEAR =         2004
}

@ARTICLE{1864,
  KEYWORD =      {accommodation-coeff},
  AUTHOR =       {J. Thornton and J. P. D. Abbatt},
  TITLE =        {Measurements of \chem{HO_2} uptake to aqueous aerosol:
                  Mass accommodation coefficients and net reactive loss},
  JOURNAL =      jgr,
  VOLUME =       {110D},
  DOI =          {10.1029/2004JD005402},
  YEAR =         2005
}

@ARTICLE{2000,
  KEYWORD =      {Henry},
  AUTHOR =       {R. Sander},
  TITLE =        {Compilation of Henry's law constants (version 4.0) for
                  water as solvent},
  JOURNAL =      acp,
  VOLUME =       15,
  PAGES =        {4399-4981},
  DOI =          {10.5194/ACP-15-4399-2015},
  YEAR =         2015
}

@ARTICLE{2159,
  AUTHOR =       {C. F. Braban and J. W. Adams and D. Rodriguez and R.
                  A. Cox and J. N. Crowley and G. Schuster},
  TITLE =        {Heterogeneous reactions of \chem{HOI}, \chem{ICl} and
                  \chem{IBr} on sea salt and sea salt proxies},
  JOURNAL =      pccp,
  VOLUME =       9,
  PAGES =        {3136-3148},
  DOI =          {10.1039/B700829E},
  YEAR =         2007
}

@ARTICLE{2231,
  KEYWORD =      {Henry},
  AUTHOR =       {P. Brimblecombe and S. L. Clegg and I. Khan},
  TITLE =        {Thermodynamic properties of carboxylic acids relevant
                  to their solubility in aqueous solutions},
  JOURNAL =      jas,
  VOLUME =       23,
  PAGES =        {S901-S904},
  DOI =          {10.1016/0021-8502(92)90557-C},
  YEAR =         1992
}

@ARTICLE{2285,
  KEYWORD =      {mercury},
  AUTHOR =       {Z.-H. Shon and K.-H. Kim and M.-Y. Kim and M. Lee},
  TITLE =        {Modeling study of reactive gaseous mercury in the
                  urban air},
  JOURNAL =      ae,
  VOLUME =       39,
  PAGES =        {749-761},
  DOI =          {10.1016/J.ATMOSENV.2004.09.071},
  YEAR =         2005
}

@BOOK{2323,
  KEYWORD =      {data-tables},
  AUTHOR =       {D. R. Lide},
  TITLE =        {CRC Handbook of Chemistry and Physics, 88th Edition
                  (Internet Version 2008)},
  PUBLISHER =    {CRC Press/Taylor and Francis, Boca Raton, FL},
  YEAR =         2008
}

@ARTICLE{2524,
  KEYWORD =      {Henry},
  AUTHOR =       {C. Ji and E. M. Evans},
  TITLE =        {Using an internal standard method to determine Henry's
                  law constants},
  JOURNAL =      etc,
  VOLUME =       26,
  PAGES =        {231-236},
  DOI =          {10.1897/06-339R.1},
  YEAR =         2007
}

@ARTICLE{2573,
  KEYWORD =      {model and rate-const},
  AUTHOR =       {B. Ervens and C. George and J. E. Williams and G. V.
                  Buxton and G. A. Salmon and M. Bydder and F. Wilkinson
                  and F. Dentener and P. Mirabel and R. Wolke and H.
                  Herrmann},
  TITLE =        {CAPRAM 2.4 (MODAC mechanism): An extended and
                  condensed tropospheric aqueous phase mechanism and its
                  application},
  JOURNAL =      jgr,
  VOLUME =       {108D},
  EID =          {4426},
  DOI =          {10.1029/2002JD002202},
  YEAR =         2003
}

@ARTICLE{2574,
  KEYWORD =      {accommodation-coeff},
  AUTHOR =       {P. Davidovits and J. H. Hu and D. R. Worsnop and M. S.
                  Zahniser and C. E. Kolb},
  TITLE =        {Entry of gas molecules into liquids},
  JOURNAL =      fd,
  VOLUME =       100,
  PAGES =        {65-81},
  DOI =          {10.1039/FD9950000065},
  YEAR =         1995
}

@TECHREPORT{2626,
  KEYWORD =      {data-tables and rate-const},
  AUTHOR =       {S. P. Sander and J. Abbatt and J. R. Barker and J. B.
                  Burkholder and R. R. Friedl and D. M. Golden and R. E.
                  Huie and C. E. Kolb and M. J. Kurylo and G. K.
                  Moortgat and V. L. Orkin and P. H. Wine},
  TITLE =        {Chemical Kinetics and Photochemical Data for Use in
                  Atmospheric Studies, Evaluation No. 17},
  TYPE =         {JPL Publication},
  NUMBER =       {10-6},
  INSTITUTION =  {Jet Propulsion Laboratory},
  ADDRESS =      {Pasadena},
  URL =          {http://jpldataeval.jpl.nasa.gov},
  YEAR =         2011
}

@ARTICLE{2820,
  KEYWORD =      {Henry},
  AUTHOR =       {M. E. Andersson and K. G{\aa}rdfeldt and I. W\"angberg
                  and D. Str\"omberg},
  TITLE =        {Determination of Henry's law constant for elemental
                  mercury},
  JOURNAL =      chemo,
  VOLUME =       73,
  PAGES =        {587-592},
  DOI =          {10.1016/J.CHEMOSPHERE.2008.05.067},
  YEAR =         2008
}

@TECHREPORT{2908,
  KEYWORD =      {Henry},
  AUTHOR =       {D. J. Goldstein},
  TITLE =        {Air and steam stripping of toxic pollutants},
  TYPE =         {Tech. Rep.},
  NUMBER =       {EPA-68-03-002},
  INSTITUTION =  {Industrial Environmental Research Laboratory},
  ADDRESS =      {Cincinnati, OH, USA},
  YEAR =         1982
}

@BOOK{3034,
  KEYWORD =      {Henry and data-tables},
  AUTHOR =       {W. M. Haynes},
  TITLE =        {CRC Handbook of Chemistry and Physics, 95th Edition
                  (Internet Version 2015)},
  PUBLISHER =    {Taylor and Francis Group},
  YEAR =         2014
}

@TECHREPORT{3245,
  KEYWORD =      {data-tables and rate-const},
  AUTHOR =       {J. B. Burkholder and S. P. Sander and J. Abbatt and J.
                  R. Barker and R. E. Huie and C. E. Kolb and M. J.
                  Kurylo and V. L. Orkin and D. M. Wilmouth and P. H.
                  Wine},
  TITLE =        {Chemical Kinetics and Photochemical Data for Use in
                  Atmospheric Studies, Evaluation No. 18},
  TYPE =         {JPL Publication},
  NUMBER =       {15-10},
  INSTITUTION =  {Jet Propulsion Laboratory},
  ADDRESS =      {Pasadena},
  URL =          {http://jpldataeval.jpl.nasa.gov},
  YEAR =         2015
}

@ARTICLE{3254,
  AUTHOR =       {H. Dong and H. Du and X. Qian},
  TITLE =        {Theoretical prediction of pKa values for methacrylic
                  acid oligomers using combined quantum mechanical and
                  continuum solvation methods},
  JOURNAL =      jpca,
  VOLUME =       112,
  PAGES =        {12687-12694},
  DOI =          {10.1021/JP807315P},
  YEAR =         2008
}

@ARTICLE{3432,
  AUTHOR =       {S. Rosanka and R. Sander and A. Wahner and D.
                  Taraborrelli},
  TITLE =        {Oxidation of low-molecular-weight organic compounds in
                  cloud droplets: development of the J\"ulich
                  Aqueous-phase Mechanism of Organic Chemistry (JAMOC)
                  in CAABA/MECCA (version 4.5.0)},
  JOURNAL =      gmd,
  VOLUME =       14,
  PAGES =        {4103-4115},
  DOI =          {10.5194/GMD-14-4103-2021},
  YEAR =         2021
}

@MISC{3498,
  KEYWORD =      {Henry},
  AUTHOR =       {{US EPA}},
  TITLE =        {Estimation Programs Interface
                  Suite\textsuperscript{\texttrademark} for
                  Microsoft\textsuperscript{\textregistered} Windows},
  VERSION =      {4.11},
  NOTE =         {{Washington, DC, USA}},
  URL =          {https://www.epa.gov/tsca-screening-tools/epi-suitetm-estimation-program-interface},
  YEAR =         2012
}

@MISC{3502,
  AUTHOR =       {D. Taraborrelli},
  TITLE =        {Estimated value},
  NOTE =         {unpublished},
  YEAR =         2020
}

@ARTICLE{3909,
  AUTHOR =       {B. M\"uller and M. R. Heal},
  TITLE =        {Mass accommodation coefficients of phenol,
                  2-nitrophenol, and 3-methylphenol over the temperature
                  range 278--298 K},
  JOURNAL =      jpca,
  VOLUME =       106,
  PAGES =        {5120-5127},
  DOI =          {10.1021/JP013559+},
  YEAR =         2002
}

